@inproceedings{fatima2013feature,
  title={Feature point validation for improved retina recognition},
  author={Fatima, Joddat and Syed, Adeel M and Akram, M Usman},
  booktitle={Biometric Measurements and Systems for Security and Medical Applications (BIOMS), 2013 IEEE Workshop on},
  pages={13--16},
  year={2013},
  organization={IEEE}
}
@article{sukumaran2009retina,
  title={Retina recognition based on fractal dimension},
  author={Sukumaran, S and Punithavalli, M},
  journal={IJCSNS Int J Comput Sci and Netw Secur},
  volume={9},
  number={10},
  pages={66--7},
  year={2009}
}

@inproceedings{borah2015retina,
  title={Retina recognition system using adaptive neuro fuzzy inference system},
  author={Borah, Tripti Rani and Sarma, Kandarpa Kumar and Talukdar, Pran Hari},
  booktitle={Computer, Communication and Control (IC4), 2015 International Conference on},
  pages={1--6},
  year={2015},
  organization={IEEE}
}

@inproceedings{kakarwal2010analysis,
  title={Analysis of retina recognition by correlation and covariance matrix},
  author={Kakarwal, Sangeeta N and Deshmukh, Ratnadeep R},
  booktitle={Emerging Trends in Engineering and Technology (ICETET), 2010 3rd International Conference on},
  pages={496--499},
  year={2010},
  organization={IEEE}
}

@article{dias2014retinal,
  title={Retinal image quality assessment using generic image quality indicators},
  author={Dias, Jo{\~a}o Miguel Pires and Oliveira, Carlos Manta and da Silva Cruz, Luis A},
  journal={Information Fusion},
  volume={19},
  pages={73--90},
  year={2014},
  publisher={Elsevier}
}

@misc{segmentation2017web,
  title = {Graphical User Interface for Retinal Blood Vessel Extraction from Fundus Images},
  howpublished = {\url{https://www.mathworks.com/matlabcentral/fileexchange/63118-graphical-user-interface-for-retinal-blood-vessel-extraction-from-fundus-images}},
  note = {Accessed: 2017-11-07}
}